
@article{maleki2020tmar,
  title={TMaR: a two-stage MapReduce scheduler for heterogeneous environments},
  author={Maleki, Neda and Faragardi, Hamid Reza and Rahmani, Amir Masoud and Conti, Mauro and Lofstead, Jay},
  journal={Human-centric Computing and Information Sciences},
  volume={10},
  number={1},
  pages={1--26},
  year={2020},
  publisher={Springer}
}
@article{maleki2019mapreduce,
  title={MapReduce: an infrastructure review and research insights},
  author={Maleki, Neda and Rahmani, Amir Masoud and Conti, Mauro},
  journal={The Journal of Supercomputing},
  volume={75},
  number={10},
  pages={6934--7002},
  year={2019},
  publisher={Springer}
}
@article{johnson1954optimal,
  title={Optimal two-and three-stage production schedules with setup times included},
  author={Johnson, Selmer Martin},
  journal={Naval research logistics quarterly},
  volume={1},
  number={1},
  pages={61--68},
  year={1954},
  publisher={Wiley Online Library}
}
@article{verma2013orchestrating,
  title={Orchestrating an ensemble of MapReduce jobs for minimizing their makespan},
  author={Verma, Abhishek and Cherkasova, Ludmila and Campbell, Roy H},
  journal={IEEE Transactions on Dependable and Secure Computing},
  volume={10},
  number={5},
  pages={314--327},
  year={2013},
  publisher={IEEE}
}
@inproceedings{zhu2014minimizing,
  title={Minimizing makespan and total completion time in mapreduce-like systems},
  author={Zhu, Yuqing and Jiang, Yiwei and Wu, Weili and Ding, Ling and Teredesai, Ankur and Li, Deying and Lee, Wonjun},
  booktitle={IEEE INFOCOM 2014-IEEE Conference on Computer Communications},
  pages={2166--2174},
  year={2014},
  organization={IEEE}
}
